@Article{JKLVVV,
  author    = {Julian Kozlowski and Laura Veldkamp and Venky Venkateswaran},
  title     = {The Tail That Wags the Economy: Beliefs and Persistent Stagnation},
  year      = {2020},
  month     = {aug},
  number    = {8},
  pages     = {2839--2879},
  volume    = {128},
  doi       = {https://doi.org/10.1086/707735},
  publisher = {University of Chicago Press},
}

@Article{NJGRSJK,
  author    = {Niels Joachim Gormsen and Ralph S. J. Koijen},
  title     = {Coronavirus: Impact on Stock Prices and Growth Expectations},
  year      = {2020},
  doi       = {https://dx.doi.org/10.2139/ssrn.3555917},
  publisher = {Elsevier {BV}},
}
